<record><leader>00000cas a2200000 a 4500</leader><controlfield tag="001">13386012</controlfield><controlfield tag="008">860403d18791895pauwr ne      0    0eng d</controlfield><datafield ind1=" " ind2=" " tag="010"><subfield code="a">sn 86063538 </subfield></datafield><datafield ind1=" " ind2=" " tag="040"><subfield code="a">KSH</subfield><subfield code="b">eng</subfield><subfield code="c">KSH</subfield><subfield code="d">NPT</subfield><subfield code="d">NPX</subfield><subfield code="d">NPH</subfield><subfield code="d">OCL</subfield><subfield code="d">OCLCQ</subfield></datafield><datafield ind1=" " ind2=" " tag="042"><subfield code="a">msc</subfield></datafield><datafield ind1="0" ind2=" " tag="130"><subfield code="a">Weekly phoenix (Parker, Pa.)</subfield></datafield><datafield ind1="1" ind2="0" tag="245"><subfield code="a">Weekly phoenix.</subfield></datafield><datafield ind1="3" ind2="0" tag="246"><subfield code="a">Parker City weekly</subfield></datafield><datafield ind1="3" ind2="0" tag="246"><subfield code="a">Parker City weekly. Weekly phoenix</subfield></datafield><datafield ind1="3" ind2="0" tag="246"><subfield code="a">Weekly phoenix. Parker City weekly</subfield></datafield><datafield ind1=" " ind2=" " tag="260"><subfield code="a">Parker, Armstrong County, Pa. :</subfield><subfield code="b">G.A. Needle</subfield></datafield><datafield ind1=" " ind2=" " tag="300"><subfield code="a">v. :</subfield><subfield code="b">ill. ;</subfield><subfield code="c">66 cm.</subfield></datafield><datafield ind1=" " ind2=" " tag="310"><subfield code="a">Weekly</subfield></datafield><datafield ind1="1" ind2=" " tag="362"><subfield code="a">Began in 1879; ceased Dec. 27, 1895.</subfield></datafield><datafield ind1=" " ind2=" " tag="500"><subfield code="a">Words "Parker City weekly" appear in masthead ornament.</subfield></datafield><datafield ind1=" " ind2=" " tag="515"><subfield code="a">Issues for &lt;July 2, 1880&gt; called also &lt;whole no. 123&gt;.</subfield></datafield><datafield ind1=" " ind2=" " tag="580"><subfield code="a">Continues: Parker City weekly. Cf. Smith, R.W. Hist. of Armstrong Co., Pa., 1883.</subfield></datafield><datafield ind1=" " ind2=" " tag="588"><subfield code="a">Description based on: Vol. 3, no. 27 (July 2, 1880).</subfield></datafield><datafield ind1=" " ind2=" " tag="752"><subfield code="a">United States</subfield><subfield code="b">Pennsylvania</subfield><subfield code="c">Armstrong</subfield><subfield code="d">Parker.</subfield></datafield><datafield ind1="1" ind2="0" tag="780"><subfield code="t">Parker City weekly</subfield></datafield><datafield ind1="0" ind2="0" tag="785"><subfield code="t">Parker phoenix</subfield><subfield code="w">(DLC)sn 87079901</subfield></datafield><datafield ind1="1" ind2=" " tag="029"><subfield code="a">AU@</subfield><subfield code="b">000022168448</subfield></datafield></record>